@article{Heer:2008:DCF,
  title={Design considerations for collaborative visual analytics},
  author={Heer, Jeffrey and Agrawala, Maneesh},
  journal={Information visualization},
  volume={7},
  number={1},
  pages={49--62},
  year={2008},
  publisher={SAGE Publications}
}

@inproceedings{Kandel:2012:EDA,
  title = {Enterprise Data Analysis and Visualization: An Interview Study},
  author = {Sean Kandel AND Andreas Paepcke AND Joseph Hellerstein AND Jeffrey Heer},
  booktitle = {IEEE Visual Analytics Science \& Technology (VAST)},
  year = {2012},
  url = {http://vis.stanford.edu/papers/enterprise-analysis-interviews}
}
